/home/mbergins/Documents/Papers/all_literature.bib